@misc{powerbigalery,
  author = {Microsoft},
  title = {Data Stories Gallery},
  howpublished = "\url{http://community.powerbi.com/t5/Data-Stories-Gallery/bd-p/DataStoriesGallery}",
  year = {2017}, 
  note = "[Online; accessed 31-03-2018]"
}

@inproceedings{wang2019study,
  title={Comparing Effectiveness and Engagement of DataComics and Infographics},
  author={Zezong Wang and Shunming Wang and Matteo Farinella and Dave Murray-Rust and Nathalie Henry Riche and Benjamin Bach},
  booktitle={Proceedings of the ACM Conference on Human Factors in Computing Systems (CHI)},
  year={2019}
}


% TODO where was this published ?
@article{kong2018frames,
  title={Frames and Slants in Titles of Visualizations on Controversial Topics},
  author={Kong, Ha-Kyung and Liu, Zhicheng and Karahalios, Karrie},
  year={2018}
}

@article{ren2018chart, 
author={Donghao Ren and Bongshin Lee and Matthew Brehmer}, 
journal={IEEE Transactions on Visualization and Computer Graphics}, 
title={Charticulator: Interactive construction of bespoke chart layouts}, 
year={2018}, 
volume={}, 
number={}, 
pages={1-1}, 
keywords={Interactive visualization authoring;Chart layout design;Glyph design;Constraint-based design;Reusable chart layout}, 
doi={10.1109/TVCG.2018.2865158}, 
ISSN={1077-2626}, 
month={},}

@inproceedings{TimelineStoryteller,
    author = {Brehmer, Matthew and Lee, Bongshin and Henry Riche, Nathalie and Tittsworth, David and Lytvynets, Kate and Edge, Darren and White, Christopher},
    title = {Timeline Storyteller: The Design \& Deployment of an Interactive Authoring Tool for Expressive Timeline Narratives},
    booktitle={To appear in proceedings of the the Computation + Journalism Symposium},
    year = {2019},
    note = {\url{https://aka.ms/TSCJ19}}
}

@misc{datacomicsnet,
    title = {Data Comics},
    author={Benjamin Bach and Zezhong Wang and Nathalie Henry Riche and Matteo Farinella and Dave Murray-Rust and Sheelagh Carpendale and Hanspeter Pfister},
    note = {\url{http://datacomics.net}},
    year = {2018}
}

@book{ddsbook,
  title={{Data-Driven Storytelling}},
  editor={Nathalie Henry Riche and Christophe Hurter and Sheelagh Carpendale and Nicholas Diakopoulos},
  publisher={AK Peters. CRC Press},
  year={2018},
  note={\url{https://aka.ms/dds_book}}
}


@inproceedings{dimara2017narratives,
  title={Narratives in Crowdsourced Evaluation of Visualizations: A Double-Edged Sword?},
  author={Dimara, Evanthia and Bezerianos, Anastasia and Dragicevic, Pierre},
  booktitle={Proceedings of the ACM Conference on Human Factors in Computing Systems (CHI)},
  pages={5475--5484},
  year={2017},
  organization={ACM}
}

@inproceedings{boy2017showing,
  title={Showing People Behind Data: Does Anthropomorphizing Visualizations Elicit More Empathy for Human Rights Data?},
  author={Boy, Jeremy and Pandey, Anshul Vikram and Emerson, John and Satterthwaite, Margaret and Nov, Oded and Bertini, Enrico},
  booktitle={Proceedings of the ACM Conference on Human Factors in Computing Systems (CHI)},
  pages={5462--5474},
  year={2017},
  organization={ACM}
}

@article{robertson2008effectiveness,
  title={Effectiveness of animation in trend visualization},
  author={Robertson, George and Fernandez, Roland and Fisher, Danyel and Lee, Bongshin and Stasko, John},
  journal={IEEE Transactions on Visualization and Computer Graphics},
  volume={14},
  number={6},
  year={2008},
  publisher={IEEE}
}

@article{choe2015characterizing,
  title={Characterizing visualization insights from quantified selfers' personal data presentations},
  author={Choe, Eun Kyoung and Lee, Bongshin and others},
  journal={IEEE Computer Graphics and Applications},
  volume={35},
  number={4},
  pages={28--37},
  year={2015},
  publisher={IEEE}
}

@misc{storypoints,
  author = {Tableau},
  title = {{Story Points}},
  howpublished = {\url{https://tabsoft.co/2jxghOC}},
  year = {2018},
  note = {[Online; accessed 13-09-2018]}
}

@misc{flourish,
  author = {},
  title = {Flourish},
  howpublished = "\url{https://flourish.studio/}",
  year = {2018}, 
  note = "[Online; accessed 31-03-2018]"
}

@misc{clipstudio,
  author = {},
  title = {{Clip Studio Paint}},
  howpublished = "\url{https://www.clipstudio.net/en}",
  year = {2018}, 
  note = "[Online; accessed 31-03-2018]"
}

@misc{comiccreator,
  author = {},
  title = {{Comic Creator Studio}},
  howpublished = "\url{http://summitsoft.com/products/comic-creator/}",
  year = {2018}, 
  note = "[Online; accessed 31-03-2018]"
}

@misc{comipo,
  author = {},
  title = {Comipo},
  howpublished = "\url{http://www.comipo.com/en/}",
  year = {2018}, 
  note = "[Online; accessed 31-03-2018]"
}


@misc{networkx,
  author = {Aric Hagberg and Dan Schult and Pieter Swart},
  title = {{NetworkX}},
  howpublished = "\url{https://networkx.github.io/}",
  year = {2018}, 
  note = "[Online; accessed 31-03-2018]"
}

@misc{fathom,
 author ={{Fathom}},
 title = {Scaled in Miles},
 howpublished = "\url{https://fathom.info/miles/}",
 year= {2015},
 note = "[Online; accessed 11-Sep-2018]"
}

@misc{webcola,
  author = {Tim Dwyer},
  title = {{WebCoLa}},
  howpublished = "\url{http://ialab.it.monash.edu/webcola/}",
  year = {2018}, 
  note = "[Online; accessed 31-03-2018]"
}


@misc{annotation,
  author = {Susie Lu},
  title = {{React Annotation}},
  howpublished = "\url{http://react-annotation.susielu.com/}",
  year = {2018}, 
  note = "[Online; accessed 31-03-2018]"
}

@misc{d3,
  author = {Mike Bostock},
  title = {D3},
  howpublished = "\url{https://d3js.org/}",
  year = {2018}, 
  note = "[Online; accessed 31-03-2018]"
}


@misc{react,
  author = {Facebook},
  title = {React: A {JavaScript} library for building user interfaces},
  howpublished = "\url{https://reactjs.org/}",
  year = {2018}, 
  note = "[Online; accessed 31-03-2018]"
}



@misc{redux,
  author = {Facebook},
  title = {Redux},
  howpublished = "\url{https://redux.js.org/}",
  year = {2018}, 
  note = "[Online; accessed 31-03-2018]"
}

@misc{bubblesets,
  author = {Josua Krause},
  title = {Bubble Sets},
  howpublished = "\url{https://github.com/JosuaKrause/bubblesets-js}",
  year = {2018}, 
  note = "[Online; accessed 31-03-2018]"
}

@article{collins2009bubble,
author={Chistopher Collins and Gerald Penn and Sheelagh Carpendale}, 
journal={IEEE Transactions on Visualization and Computer Graphics}, 
title={Bubble sets: Revealing set relations with isocontours over existing visualizations}, 
year={2009}, 
volume={15}, 
number={6}, 
pages={1009-1016}, 
note={\url{http://doi.org/10.1109/TVCG.2009.122}}, 
ISSN={1077-2626}
}

@misc{xkcd,
  author = {xkcd},
  title = {Earth Temperature Timeline},
  howpublished = "\url{https://xkcd.com/1732/}",
  year = {2016}, 
  note = "[Online; accessed 31-03-2018]"
}

@inproceedings{bigelow2014reflections,
author = {Bigelow, Alex and Drucker, Steven and Fisher, Danyel and Meyer, Miriah},
 title = {Reflections on how designers design with data},
 booktitle = {Proceedings of the ACM Conference on Advanced Visual Interfaces (AVI)},
 year = {2014},
 isbn = {978-1-4503-2775-6},
 pages = {17--24},
 numpages = {8},
 note = {\url{http://doi.org/10.1145/2598153.2598175}},
 acmid = {2598175},
} 


@article{satyanarayan2014lyra,
author = {Arvind Satyanarayan and Jeffrey Heer},
title = {Lyra: An Interactive Visualization Design Environment},
journal = {Computer Graphics Forum (Proceedings of EuroVis)},
volume = {33},
number = {3},
pages = {351-360},
year = {2014},
note = {\url{http://doi.org/10.1111/cgf.12391}}
}

@article{bach2017emerging,
author={Benjamin Bach and Nathalie Henry Riche and Sheelagh Carpendale and Hanspeter Pfister}, 
journal={IEEE Computer Graphics and Applications (CG\&A)}, 
title={The emerging genre of data comics}, 
year={2017}, 
volume={37}, 
number={3}, 
pages={6-13}, 
note={\url{http://doi.org/10.1109/MCG.2017.33}}
}



@misc{fallen,
  author = {Neil Halloran},
  title = {The Fallen of {World War II}},
  howpublished = "\url{http://www.fallen.io/}",
  year = {2015}, 
  note = "[Online; accessed 31-03-2018]"
}
@inproceedings{liu2018data,
  title={{Data Illustrator}: Augmenting vector design tools with lazy data binding for expressive visualization authoring},
  author={Liu, Zhicheng and Thompson, John and Wilson, Alan and Dontcheva, Mira and Delorey, James and Grigg, Sam and Kerr, Bernard and Stasko, John},
booktitle = {Proceedings of the ACM Conference on Human Factors in Computing Systems (CHI)},
  year={2018},
  note={\url{https://doi.org/10.1145/3173574.3173697}}
}


@article{spritzer2015towards,
author = {Andre Suslik Spritzer and Jeremy Boy and Pierre Dragicevic and Jean-Daniel Fekete and Carla Maria Dal Sasso Freitas},
title = {Towards a smooth design process for static communicative node-link diagrams},
journal = {Computer Graphics Forum (Proceedings of EuroVis)},
volume = {34},
number = {3},
pages = {461-470},
year={2015},
note = {\url{http://doi.org/10.1111/cgf.12658}}
}

@inproceedings{bachdesign,
  title={Design patterns for data comics},
  author={Bach, Benjamin and Wang, Zezhong and Farinella, Matteo and Murray-Rust, Dave and Riche, Nathalie Henry}, 
	booktitle = {Proceedings of the ACM Conference on Human Factors in Computing Systems (CHI)},
  year={2018},
  note = {\url{https://doi.org/10.1145/3173574.3173612}}
}

@inproceedings{xia2018dataink,
  title={{DataInk}: Direct and creative data-oriented drawing},
  author={Haijun Xia and Nathalie Henry Riche and Fanny Chevalier and Bruno Araujo and Daniel Wigdor},
  booktitle = {Proceedings of the ACM Conference on Human Factors in Computing Systems (CHI)},
  year={2018},
  note = {\url{https://doi.org/10.1145/3173574.3173797}}
}

@article{walny2018active,
author={Jagoda Walny and Samuel Huron and Charles Perin and Tiffany Wun and Richard Pusch and Sheelagh Carpendale}, 
journal={IEEE Transactions on Visualization and Computer Graphics (Proceedings of InfoVis)},
title={Active reading of visualizations}, 
year={2018}, 
volume={24}, 
number={1}, 
pages={770-780},
note={\url{http://doi.org/10.1109/TVCG.2017.2745958}}
}

@inproceedings{morris2010understanding,
author = {Morris, Meredith Ringel and Wobbrock, Jacob O. and Wilson, Andrew D.},
 title = {Understanding users' preferences for surface gestures},
 booktitle = {Proceedings of Graphics Interface (GI)},
 year = {2010},
 isbn = {978-1-56881-712-5},
 pages = {261--268},
 numpages = {8},
 note = {\url{http://dl.acm.org/citation.cfm?id=1839214.1839260}}
} 


@inproceedings{frisch2009investigating,
author = {Frisch, Mathias and Heydekorn, Jens and Dachselt, Raimund},
 title = {Investigating multi-touch and pen gestures for diagram editing on interactive surfaces},
 booktitle = {Proceedings of the ACM Conference on Interactive Tabletops and Surfaces (ITS)},
 year = {2009},
 isbn = {978-1-60558-733-2},
 pages = {149--156},
 numpages = {8},
 note = {\url{http://doi.org/10.1145/1731903.1731933}},
 acmid = {1731933},
 keywords = {bimanual input, diagram editing, hand gestures, multi-touch, node-link diagrams, pen interaction, tabletop},
} 

@article{walny2012understanding,
  title={Understanding pen and touch interaction for data exploration on interactive whiteboards},
  author={Walny, Jagoda and Lee, Bongshin and Johns, Paul and Riche, Nathalie Henry and Carpendale, Sheelagh},
  journal={IEEE Transactions on Visualization and Computer Graphics},
  volume={18},
  number={12},
  pages={2779--2788},
  year={2012},
  publisher={IEEE}
}

@inproceedings{kister2016multilens,
  title={Multilens: Fluent interaction with multi-functional multi-touch lenses for information visualization},
  author={Kister, Ulrike and Reipschl{\"a}ger, Patrick and Dachselt, Raimund},
  booktitle={Proceedings of the ACM Conference on Interactive Surfaces and Spaces},
  pages={139--148},
  year={2016},
  organization={ACM}
}
@inproceedings{sadana2016expanding,
  title={Expanding selection for information visualization systems on tablet devices},
  author={Sadana, Ramik and Stasko, John},
  booktitle={Proceedings of the ACM Conference on Interactive Surfaces and Spaces},
  pages={149--158},
  year={2016},
  organization={ACM}
}
@article{mcguffin2009interaction,
  title={Interaction techniques for selecting and manipulating subgraphs in network visualizations},
  author={McGuffin, Michael J and Jurisica, Igor},
  journal={IEEE Transactions on Visualization and Computer Graphics (Proceedings of InfoVis)},
  volume={15},
  number={6},
  pages={937--944},
  year={2009},
  publisher={IEEE}
}


@inproceedings{jo2017touchpivot,
author = {Jo, Jaemin and L'Yi, Sehi and Lee, Bongshin and Seo, Jinwook},
 title = {{TouchPivot}: Blending {WIMP} \& post-{WIMP} interfaces for data exploration on tablet devices},
booktitle = {Proceedings of the ACM Conference on Human Factors in Computing Systems (CHI)},
 year = {2017},
 isbn = {978-1-4503-4655-9},
 pages = {2660--2671},
 numpages = {12},
 note = {\url{http://doi.org/10.1145/3025453.3025752}},
 acmid = {3025752},
 keywords = {data exploration, information visualization, natural interaction, novices, pen and touch interaction, pivot, table devices},
}

@article{zgraggen2014panoramicdata,
author={Emanuel Zgraggen and Robert Zeleznik and Steven M. Drucker}, 
journal={IEEE Transactions on Visualization and Computer Graphics (Proceedings of InfoVis)},
title={{PanoramicData}: Data analysis through pen \& touch}, 
year={2014}, 
volume={20}, 
number={12}, 
pages={2112-2121},
note={\url{http://doi.org/10.1109/TVCG.2014.2346293}}, 
ISSN={1077-2626}
}


@article{lee2012beyond,
  title={Beyond mouse and keyboard: Expanding design considerations for information visualization interactions},
  author={Lee, Bongshin and Isenberg, Petra and Riche, Nathalie Henry and Carpendale, Sheelagh},
  journal={IEEE Transactions on Visualization and Computer Graphics (Proceedings of InfoVis)},
  volume={18},
  number={12},
  pages={2689--2698},
  year={2012},
  note = {\url{https://doi.org/10.1109/TVCG.2012.204}}
}

@inproceedings{lee2015sketchinsight,
  title={{SketchInsight}: Natural data exploration on interactive whiteboards leveraging pen and touch interaction},
  author={Lee, Bongshin and Smith, Greg and Riche, Nathalie Henry and Karlson, Amy and Carpendale, Sheelagh},
  booktitle={Proc. IEEE Pacific Visualization (PacificVis)},
  pages={199--206},
  year={2015},
  organization={IEEE}
}

@inproceedings{hinckley2012informal,
 author = {Hinckley, Ken and Bi, Xiaojun and Pahud, Michel and Buxton, Bill},
 title = {Informal information gathering techniques for active reading},
booktitle = {Proceedings of the ACM Conference on Human Factors in Computing Systems (CHI)},
 year = {2012},
 isbn = {978-1-4503-1015-4},
 pages = {1893--1896},
 numpages = {4},
 note = {\url{http://doi.org/10.1145/2207676.2208327}},
 acmid = {2208327},
 keywords = {active reading, informal interaction, pen, tablets, touch},
} 

@misc{datawrapper,
  author = {Datawrapper GmbH},
  title = {Datawrapper GmbH},
  year = {2018},
  howpublished = {\url{https://www.datawrapper.de}},
  note = {[Online; accessed: 2018-08-04]}
}

@inproceedings{xia2017writlarge,
 author = {Xia, Haijun and Hinckley, Ken and Pahud, Michel and Tu, Xiao and Buxton, Bill},
 title = {{WritLarge}: Ink unleashed by unified scope, action, and zoom},
 booktitle = {Proceedings of the ACM Conference on Human Factors in Computing Systems (CHI)},
 year = {2017},
 isbn = {978-1-4503-4655-9},
 pages = {3227--3240},
 numpages = {14},
 note = {\url{http://doi.org/10.1145/3025453.3025664}},
 acmid = {3025664},
 keywords = {bimanual input, electronic whiteboard, pen+touch, toolglass},
} 

@misc{mbta,
  author = {Mike Barry and Brian Card},
  title = {The Fallen of World War II},
  howpublished = "\url{http://mbtaviz.github.io/}",
  year = {2014}, 
  note = "[Online; accessed 31-03-2018]"
}


@article{lee2015more,
  title={More than telling a story: Transforming data into visually shared stories},
  author={Lee, Bongshin and Riche, Nathalie Henry and Isenberg, Petra and Carpendale, Sheelagh},
  journal={IEEE Computer Graphics and Applications},
  volume={35},
  number={5},
  pages={84--90},
  year={2015},
  note={\url{http://doi.org/10.1109/MCG.2015.99}},
  publisher={IEEE}
}

@article{kosara2013storytelling,
  title={Storytelling: The next step for visualization},
  author={Kosara, Robert and Mackinlay, Jock},
  journal={Computer},
  volume={46},
  number={5},
  pages={44--50},
  year={2013},
  publisher={IEEE}
}

@article{segel2010narrative,
  title={Narrative visualization: Telling stories with data},
  author={Segel, Edward and Heer, Jeffrey},
  journal={IEEE Transactions on Visualization and Computer Graphics (Proceedings of InfoVis)},
  volume={16},
  number={6},
  pages={1139--1148},
  year={2010},
  note = {\url{https://doi.org/10.1109/TVCG.2010.179}}
}

@inproceedings{gratzl2016visual,
  author = {Gratzl, Samuel and Lex, Alex and Gehlenborg, Nils and Cosgrove, Nicola and Streit, Marc},
 title = {From visual exploration to storytelling and back again},
 booktitle = {Computer Graphics Forum (Proceedings of EuroVis)},
 year = {2016},
 pages = {491--500},
 numpages = {10},
 note = {\url{http://doi.org/10.1111/cgf.12925}},
 acmid = {3058877}
} 

@article{brehmer2017timelines,
author={Matthew Brehmer and Bongshin Lee and Benjamin Bach and Nathalie Henry Riche and Tamara Munzner}, 
journal={IEEE Transactions on Visualization and Computer Graphics (TVCG)}, 
title={Timelines Revisited: A Design Space and Considerations for Expressive Storytelling}, 
year={2017}, 
volume={23}, 
number={9}, 
pages={2151-2164}, 
note={\url{http://10.1109/TVCG.2016.2614803}}, 
ISSN={1077-2626}
}

@article{bryan2017temporal,
  title={Temporal summary images: An approach to narrative visualization via interactive annotation generation and placement},
  author={Bryan, Chris and Ma, Kwan-Liu and Woodring, Jonathan},
  journal={IEEE Transactions on Visualization and Computer Graphics},
  volume={23},
  number={1},
  pages={511--520},
  year={2017},
  publisher={IEEE}
}
@techreport{stolper2017emerging,
author = {Stolper, Charles D. and Lee, Bongshin and Henry Riche, Nathalie and Stasko, John},
title = {Emerging and Recurring Data-Driven Storytelling Techniques: Analysis of a Curated Collection of Recent Stories},
year = {2016},
note = {\url{https://www.microsoft.com/en-us/research/publication/emerging-and-recurring-data-driven-storytelling-techniques-analysis-of-a-curated-collection-of-recent-stories/}},
}

@article{amini2017authoring,
author={Fereshteh Amini and Nathalie Henry Riche and Bongshin Lee and Andres Monroy-Hernandez and Pourang Irani}, 
journal={IEEE Transactions on Visualization and Computer Graphics (Proceedings of InfoVis)},
title={Authoring data-driven videos with {DataClips}}, 
year={2017}, 
volume={23}, 
number={1}, 
pages={501-510}, 
note={\url{http://doi.org/10.1109/TVCG.2016.2598647}}, 
ISSN={1077-2626}
}

@inproceedings{amini2015understanding,
  title={Understanding data videos: Looking at narrative visualization through the cinematography lens},
  author={Amini, Fereshteh and Henry Riche, Nathalie and Lee, Bongshin and Hurter, Christophe and Irani, Pourang},
  booktitle={Proceedings of the ACM Conference on Human Factors in Computing Systems (CHI)},
  pages={1459--1468},
  year={2015},
  organization={ACM}
}


@article{borkin2016beyond,
  title={Beyond memorability: Visualization recognition and recall},
  author={Borkin, Michelle A and Bylinskii, Zoya and Kim, Nam Wook and Bainbridge, Constance May and Yeh, Chelsea S. and Borkin, Daniel and Pfister, Hanspeter and Oliva, Aude},
  journal={IEEE Transactions on Visualization and Computer Graphics (Proceedings of InfoVis)},
  volume={22},
  number={1},
  pages={519--528},
  year={2016},
  note={\url{https://doi.org/10.1109/TVCG.2015.2467732}}
}

@inproceedings{bach2016telling,
author = {Bach, Benjamin and Kerracher, Natalie and Hall, Kyle W. M. and Carpendale, Sheelagh and Kennedy, Jessie and Henry Riche, Nathalie},
 title = {Telling stories about dynamic networks with graph comics},
booktitle = {Proceedings of the ACM Conference on Human Factors in Computing Systems (CHI)},
 year = {2016},
 isbn = {978-1-4503-3362-7},
 pages = {3670--3682},
 numpages = {13},
 note = {\url{http://doi.org/10.1145/2858036.2858387}},
 acmid = {2858387},
 keywords = {comics, data-driven storytelling, dynamic networks, information visualization, network visualization},
} 


@article{hullman2017finding,
  title={Finding a Clear Path: Structuring Strategies for Visualization Sequences},
  author={Hullman, Jessica and Kosara, Robert and Lam, Heidi},
  journal={Computer Graphics Forum (Proceedings of EuroVis)},
  volume={36},
  number={3},
  pages={365--375},
  year={2017},
  note={\url{https://doi.org/10.1111/cgf.13194}}
}


@inproceedings{pfeuffer2017thumb,
  author = {Pfeuffer, Ken and Hinckley, Ken and Pahud, Michel and Buxton, Bill},
 title = {Thumb + pen interaction on tablets},
booktitle = {Proceedings of the ACM Conference on Human Factors in Computing Systems (CHI)},
 year = {2017},
 isbn = {978-1-4503-4655-9},
 pages = {3254--3266},
 numpages = {13},
 note = {\url{http://doi.org/10.1145/3025453.3025567}},
 acmid = {3025567},
 keywords = {bimanual input, pen+touch, postures of use, tablet, thumb},
}

@inproceedings{xia2017collection,
 author = {Xia, Haijun and Araujo, Bruno and Wigdor, Daniel},
 title = {Collection objects: Enabling fluid formation and manipulation of aggregate selections},
 booktitle = {Proceedings of the ACM Conference on Human Factors in Computing Systems (CHI)},
 year = {2017},
 isbn = {978-1-4503-4655-9},
 pages = {5592--5604},
 numpages = {13},
 note = {\url{http://doi.org/10.1145/3025453.3025554}},
 acmid = {3025554},
 keywords = {collection object, object-oriented interaction, pen and touch},
} 

@inproceedings{xia2016object,
 author = {Xia, Haijun and Araujo, Bruno and Grossman, Tovi and Wigdor, Daniel},
 title = {Object-oriented drawing},
 booktitle = {Proceedings of the ACM Conference on Human Factors in Computing Systems (CHI)},
 year = {2016},
 isbn = {978-1-4503-3362-7},
 pages = {4610--4621},
 numpages = {12},
 note = {\url{http://doi.org/10.1145/2858036.2858075}},
 acmid = {2858075},
 keywords = {attribute object, object-oriented, pen and touch input},
} 


@article{mckenna2017visual,
 author = {Sean McKenna and Nathalie Henry Riche and Bongshin Lee and Jeremy Boy and Miriah Meyer},
title = {Visual narrative flow: Exploring factors shaping data visualization story reading experiences},
journal = {Computer Graphics Forum (Proceedings of EuroVis)},
volume = {36},
number = {3},
pages = {377-387},
year= {2017},
note = {\url{http://doi.org/10.1111/cgf.13195}}
}

@inproceedings{hinckley2010pen,
author = {Hinckley, Ken and Yatani, Koji and Pahud, Michel and Coddington, Nicole and Rodenhouse, Jenny and Wilson, Andy and Benko, Hrvoje and Buxton, Bill},
 title = {Pen + touch = new tools},
 booktitle = {Proceedings of the ACM Symposium on User Interface Software and Technology (UIST)},
 year = {2010},
 isbn = {978-1-4503-0271-5},
 pages = {27--36},
 numpages = {10},
 note = {\url{http://doi.org/10.1145/1866029.1866036}},
 acmid = {1866036},
 keywords = {bimanual, gestures, pen, systems, tabletop, tablets, touch},
} 


@article{kim2017data,
 author={Nam Wook Kim and Eston Schweickart and Zhicheng Liu and Mira Dontcheva and Wilmot Li and Jovan Popovic and Hanspeter Pfister}, 
 journal={IEEE Transactions on Visualization and Computer Graphics (Proceedings of InfoVis)},
title={Data-driven guides: Supporting expressive design for information graphics}, 
year={2017}, 
volume={23}, 
number={1}, 
pages={491-500}, 
note={\url{http://doi.org/10.1109/TVCG.2016.2598620}}, 
ISSN={1077-2626}
}

@article{satyanarayan2014authoring,
author = {Arvind Satyanarayan and Jeffrey Heer},
title = {Authoring narrative bisualizations with {Ellipsis}},
journal = {Computer Graphics Forum (Proceedings of EuroVis)},
volume = {33},
number = {3},
pages = {361-370},
keywords = {Categories and Subject Descriptors (according to ACM CCS):, H.5.2 Information Interfaces: User Interfaces—GUI},
year = {2014},
note = {\url{http://doi.org/10.1111/cgf.12392}}
}

@inproceedings{boy2015storytelling,
  title={Storytelling in information visualizations: Does it engage users to explore data?},
  author={Boy, Jeremy and Detienne, Francoise and Fekete, Jean-Daniel},
  booktitle={Proceedings of the ACM Conference on Human Factors in Computing Systems (CHI)},
  pages={1449--1458},
  year={2015},
  organization={ACM}
}

@inproceedings{mauri2017rawgraphs,
  title={{RAWGraphs}: A Visualisation Platform to Create Open Outputs},
  author={Mauri, Michele and Elli, Tommaso and Caviglia, Giorgio and Uboldi, Giorgio and Azzi, Matteo},
  booktitle={Proc. Biannual Conference of the Italian SIGCHI Chapter (CHItaly)},
  pages={28},
  year={2017},
  organization={ACM}
}


@article{ren2014ivisdesigner,
  author={Donghao Ren and Tobias H\"{o}llerer and Xiaoru Yuan}, 
journal={IEEE Transactions on Visualization and Computer Graphics (Proceedings of InfoVis)}, 
title={{iVisDesigner}: Expressive interactive design of information visualizations}, 
year={2014}, 
volume={20}, 
number={12}, 
pages={2092-2101}, 
note={\url{http://doi.org/10.1109/TVCG.2014.2346291}}, 
ISSN={1077-2626}
}

@article{kosara2016presentation,
  title={Presentation-oriented visualization techniques},
  author={Kosara, Robert},
  journal={IEEE Computer Graphics and Applications},
  volume={36},
  number={1},
  pages={80--85},
  year={2016},
  publisher={IEEE}
}
@inproceedings{mendez2016ivolver,
  title={{iVoLVER}: Interactive visual language for visualization extraction and reconstruction},
  author={M{\'e}ndez, Gonzalo Gabriel and Nacenta, Miguel A and Vandenheste, Sebastien},
  booktitle={Proceedings of the ACM Conference on Human Factors in Computing Systems (CHI)},
  pages={4073--4085},
  year={2016},
  organization={ACM}
}
@article{gershon2001storytelling,
  title={What storytelling can do for information visualization},
  author={Gershon, Nahum and Page, Ward},
  journal={Communications of the ACM},
  volume={44},
  number={8},
  pages={31--37},
  year={2001},
  publisher={ACM}
}

@article{lee2013sketchstory,
 author={Bongshin Lee and Rubaiat Habib Kazi and Greg Smith}, 
 journal={IEEE Transactions on Visualization and Computer Graphics (Proceedings of InfoVis)},
title={{SketchStory}: Telling more engaging stories with data through freeform sketching}, 
year={2013}, 
volume={19}, 
number={12}, 
pages={2416-2425},
note={\url{http://doi.org/10.1109/TVCG.2013.191}}, 
ISSN={1077-2626}
}

@inproceedings{diakopoulos2011playable,
  title={Playable data: characterizing the design space of game-y infographics},
  author={Diakopoulos, Nicholas and Kivran-Swaine, Funda and Naaman, Mor},
  booktitle={Proceedings of the ACM Conference on Human Factors in Computing Systems (CHI)},
  pages={1717--1726},
  year={2011},
  organization={ACM}
}

@inproceedings{elias2013storytelling,
  title={Storytelling in visual analytics tools for business intelligence},
  author={Elias, Micheline and Aufaure, Marie-Aude and Bezerianos, Anastasia},
  booktitle={IFIP Conference on Human-Computer Interaction},
  pages={280--297},
  year={2013},
  organization={Springer}
}

@article{hullman2011visualization,
  title={Visualization rhetoric: Framing effects in narrative visualization},
  author={Hullman, Jessica and Diakopoulos, Nick},
  journal={IEEE Transactions on Visualization and Computer Graphics (Proceedings of InfoVis)},
  volume={17},
  number={12},
  pages={2231--2240},
  year={2011},
  note={\url{https://doi.org/10.1109/TVCG.2011.255}}
}

@article{qu2018keeping,
  author={Zening Qu and Jessica Hullman}, 
  journal={IEEE Transactions on Visualization and Computer Graphics (Proceedings of InfoVis)},
title={Keeping multiple views consistent: Constraints, validations, and exceptions in visualization authoring}, 
year={2018}, 
volume={24}, 
number={1}, 
pages={468-477}, 
note={\url{http://doi.org/10.1109/TVCG.2017.2744198}}
}

@article{hullman2013deeper,
  title={A deeper understanding of sequence in narrative visualization},
  author={Hullman, Jessica and Drucker, Steven and Riche, Nathalie Henry and Lee, Bongshin and Fisher, Danyel and Adar, Eytan},
  journal={IEEE Transactions on Visualization and Computer Graphics},
  volume={19},
  number={12},
  pages={2406--2415},
  year={2013},
  note={\url{https://doi.org/10.1109/TVCG.2013.119}}
}

@article{wood2012sketchy,
  title={Sketchy rendering for information visualization},
  author={Wood, Jo and Isenberg, Petra and Isenberg, Tobias and Dykes, Jason and Boukhelifa, Nadia and Slingsby, Aidan},
  journal={IEEE Transactions on Visualization and Computer Graphics},
  volume={18},
  number={12},
  pages={2749--2758},
  year={2012},
  publisher={IEEE}
}

@article{bigelow2017iterating,
author={Alex Bigelow and Steven Drucker and Danyel Fisher and Miriah Meyer}, 
journal={IEEE Transactions on Visualization and Computer Graphics (Proceedings of InfoVis)}, 
title={Iterating between tools to create and edit visualizations}, 
year={2017}, 
volume={23}, 
number={1}, 
pages={481-490}, 
note={\url{http://doi.org/10.1109/TVCG.2016.2598609}}, 
ISSN={1077-2626}
}

@article{roberts2016sketching,
  title={Sketching designs using the five design-sheet methodology},
  author={Roberts, Jonathan C and Headleand, Chris and Ritsos, Panagiotis D},
  journal={IEEE Transactions on Visualization and Computer Graphics},
  volume={22},
  number={1},
  pages={419--428},
  year={2016},
  publisher={IEEE}
}

@inproceedings{hullman2013contextifier,
  title={Contextifier: automatic generation of annotated stock visualizations},
  author={Hullman, Jessica and Diakopoulos, Nicholas and Adar, Eytan},
  booktitle={Proceedings of the ACM Conference on Human Factors in Computing Systems (CHI)},
  pages={2707--2716},
  year={2013},
  organization={ACM}
}

@techreport{zhao2015data,
  title={Data Comics: Sequential Art for Data-Driven Storytelling},
  author={Zhao, Zhenpeng and Marr, Rachael and Elmqvist, Niklas},
  year={2015},
  institution={Human Computer Interaction Lab, University of Maryland},
  note={\url{http://www.cs.umd.edu/hcil/trs/2015-15/2015-15.pdf}}
}

@inproceedings{kwon2014visjockey,
  title={{VisJockey}: Enriching Data Stories through Orchestrated Interactive Visualization},
  author={Kwon, Bum Chul and Stoffel, Florian and J{\"a}ckle, Dominik and Lee, Bongshin and Keim, Daniel},
  booktitle={Poster Compendium of the Computation+Journalism Symposium},
  volume={3},
  year={2014}
}


@article{storycurve, 
author={Nam Wook Kim and Benjamin Bach and Hyejin Im and Sasha Schriber and Markus Gross and Hanspeter Pfister}, 
journal={IEEE Transactions on Visualization and Computer Graphics (Proceedings of InfoVis)},
title={Visualizing nonlinear narratives with story curves}, 
year={2018}, 
volume={24}, 
number={1}, 
pages={595-604}, 
note={\url{http://doi.org/10.1109/TVCG.2017.2744118}}, 
ISSN={1077-2626}
}

@book{eisner2008comics,
  title={Comics and Sequential Art: Principles and Practices from the Legendary Cartoonist},
  author={Eisner, Will},
  year={2008},
  publisher={WW Norton \& Company}
}


@book{mccloud1993understanding,
  title={{Understanding Comics: The Invisible Art}},
  author={McCloud, Scott},
  publisher={Harper Collins},
  year={1993}
}

@article{yang2008graphic,
  title={Graphic novels in the classroom},
  author={Yang, Gene},
  journal={Language Arts},
  volume={85},
  number={3},
  pages={185},
  year={2008},
  publisher={NCTE National Council of Teachers of English}
}

@article{hullman2011benefitting,
  title={Benefitting infovis with visual difficulties},
  author={Hullman, Jessica and Adar, Eytan and Shah, Priti},
  journal={IEEE Transactions on Visualization and Computer Graphics},
  volume={17},
  number={12},
  pages={2213--2222},
  year={2011},
  publisher={IEEE}
}


@article{pandey2014persuasive,
  title={The persuasive power of data visualization},
  author={Pandey, Anshul Vikram and Manivannan, Anjali and Nov, Oded and Satterthwaite, Margaret and Bertini, Enrico},
  journal={IEEE Transactions on Visualization and Computer Graphics},
  volume={20},
  number={12},
  pages={2211--2220},
  year={2014},
  publisher={IEEE}
}

@book{abel2008drawing,
  title={Drawing Words and Writing Pictures: Making Comics: Manga, Graphic Novels, and Beyond},
  author={Abel, Jessica and Madden, Matt},
  year={2008},
  publisher={Macmillan}
}

@book{potts2013dc,
  title={The {DC} Comics Guide to Creating Comics: inside the art of visual storytelling},
  author={Potts, Carl},
  year={2013},
  publisher={Watson-Guptill}
}

@book{duncan2015power,
  title={The Power of Comics: History, Form, and Culture},
  author={Duncan, Randy and Smith, Matthew J and Levitz, Paul},
  year={2015},
  publisher={Bloomsbury Publishing}
}


@inproceedings{duncan2000toward,
  title={Toward a theory of comic book communication},
  author={Duncan, Randy},
  booktitle={Academic forum},
  volume={17},
  pages={71--88},
  year={2000},
  organization={Henderson State University Arkadelphia}
}

@book{saraceni2003language,
  title={{The Language of Comics}},
  author={Saraceni, Mario},
  year={2003},
  publisher={Psychology Press}
}
@article{caldwell2012comic,
  title={Comic panel layout: a Peircean analysis},
  author={Caldwell, Joshua},
  journal={Studies in Comics},
  volume={2},
  number={2},
  pages={317--338},
  year={2012},
  note={\url{https://doi.org/10.1386/stic.2.2.317_1}}
}
@article{cohn2010limits,
  title={The limits of time and transitions: Challenges to theories of sequential image comprehension},
  author={Cohn, Neil},
  journal={Studies in Comics},
  volume={1},
  number={1},
  pages={127--147},
  year={2010},
  publisher={Intellect}
}
@article{cohn2013narrative,
  title={Visual narrative structure},
  author={Cohn, Neil},
  journal={Cognitive science},
  volume={37},
  number={3},
  pages={413--452},
  year={2013},
  publisher={Wiley Online Library}
}

% TODO where was this published ?
@article{cohn2003syntatic,
  title={Visual Syntactic Structures},
  author={Cohn, Neil},
  year={2003}
}

@book{postema2013narrative,
  title={Narrative structure in comics: Making sense of fragments},
  author={Postema, Barbara},
  year={2013},
  publisher={RIT Press}
}
@article{cohn2014architecture,
  title={The architecture of visual narrative comprehension: the interaction of narrative structure and page layout in understanding comics},
  author={Cohn, Neil},
  journal={Frontiers in psychology},
  volume={5},
  year={2014},
  publisher={Frontiers Media SA}
}

@book{cohn2003early,
  title={Early writings on visual language},
  author={Cohn, Neil},
  year={2003},
  publisher={Emaki Productions}
}

@book{cohn2013lang,
  title={The Visual Language of Comics: Introduction to the Structure and Cognition of Sequential Images},
  author={Cohn, Neil},
  year={2013},
  publisher={A\&C Black}
}
@book{mccloud2011making,
  title={{Making Comics}},
  author={McCloud, Scott},
  year={2011},
  publisher={Harper Collins}
}
@article{goodbrey2013digital,
  title={Digital comics--new tools and tropes},
  author={Goodbrey, Daniel Merlin},
  journal={Studies in Comics},
  volume={4},
  number={1},
  pages={185--197},
  year={2013},
  publisher={Intellect}
}

@inproceedings{harrison2015infographic,
  title={Infographic aesthetics: Designing for the first impression},
  author={Harrison, Lane and Reinecke, Katharina and Chang, Remco},
  booktitle={Proceedings of the ACM Conference on Human Factors in Computing Systems (CHI)},
  pages={1187--1190},
  year={2015},
  organization={ACM}
}


@article{borgo2012empirical,
  title={An empirical study on using visual embellishments in visualization},
  author={Borgo, Rita and Abdul-Rahman, Alfie and Mohamed, Farhan and Grant, Philip W and Reppa, Irene and Floridi, Luciano and Chen, Min},
  journal={IEEE Transactions on Visualization and Computer Graphics},
  volume={18},
  number={12},
  pages={2759--2768},
  year={2012},
  publisher={IEEE}
}


@inproceedings{ren2017chartaccent,
  author={Donghao Ren and Matthew Brehmer and Bongshin Lee and Tobias H\"{o}llerer and Eun Kyoung Choe}, 
  booktitle={Proceedings of the IEEE Pacific Visualization Symposium (PacificVis)}, 
  title={{ChartAccent}: Annotation for data-driven storytelling}, 
  year={2017}, 
  pages={230-239}, 
  note={\url{http://doi.org/10.1109/PACIFICVIS.2017.8031599}}
}

@inproceedings{bateman2010useful,
  title={Useful junk?: The effects of visual embellishment on comprehension and memorability of charts},
  author={Bateman, Scott and Mandryk, Regan L and Gutwin, Carl and Genest, Aaron and McDine, David and Brooks, Christopher},
  booktitle={Proceedings of the ACM Conference on Human Factors in Computing Systems (CHI)},
  pages={2573--2582},
  year={2010},
  note={\url{https://doi.org/10.1145/1753326.1753716}}
}

@article{hutchins1985direct,
  title={Direct manipulation interfaces},
  author={Hutchins, Edwin L and Hollan, James D and Norman, Donald A},
  journal={Human-Computer Interaction},
  volume={1},
  number={4},
  pages={311--338},
  year={1985},
  publisher={L. Erlbaum Associates Inc.}
}


@article{borkin2013makes,
  title={What makes a visualization memorable?},
  author={Borkin, Michelle A and Vo, Azalea A and Bylinskii, Zoya and Isola, Phillip and Sunkavalli, Shashank and Oliva, Aude and Pfister, Hanspeter},
  journal={IEEE Transactions on Visualization and Computer Graphics (Proceedings of InfoVis)},
  volume={19},
  number={12},
  pages={2306--2315},
  year={2013},
  note={\url{https://doi.org/10.1109/TVCG.2013.234}}
}

@inproceedings{caldwell2012information,
author={J. Caldwell}, 
booktitle={2012 IEEE International Professional Communication Conference}, 
title={Information comics: An overview}, 
year={2012}, 
volume={}, 
number={}, 
pages={1-7}, 
note={\url{http://doi.org/10.1109/IPCC.2012.6408645}}
}

@article{tatalovic2009science,
  title={Science comics as tools for science education and communication: a brief, exploratory study},
  author={Tatalovic, M},
  journal={Journal of Science Communication},
  volume={8},
  number={4},
  year={2009}
}



@article{green2010graphic,
  title={Graphic medicine: use of comics in medical education and patient care},
  author={Green, Michael J and Myers, Kimberly R},
  journal={BMJ: British Medical Journal (Online)},
  volume={340},
  year={2010}
}

% The System of Comics, By Thierry Groensteen, Translated by Bart Beaty and Nick Nguyen
@book{groensteen2007system,
  title={The System of Comics},
  author={Groensteen, Thierry},
  note={Translated by Bart Beaty and Nick Nguyen (Jackson: University Press of Mississippi)},
  year={2007}
}

@inproceedings{haesen2010draw,
 author = {Haesen, Mieke and Meskens, Jan and Luyten, Kris and Coninx, Karin},
 title = {Draw Me a Storyboard: Incorporating Principles \& Techniques of Comics...},
 booktitle = {Proceedings of the BCS Interaction Specialist Group Conference},
 year = {2010},
 isbn = {978-1-78017-130-2},
 pages = {133--142},
 numpages = {10},
 note = {\url{http://dl.acm.org/citation.cfm?id=2146303.2146323}},
 acmid = {2146323},
 keywords = {design methods, multidisciplinary teams, storyboards, user-centered design},
}
@inproceedings{moraveji2007comicboarding,
author = {Moraveji, Neema and Li, Jason and Ding, Jiarong and O'Kelley, Patrick and Woolf, Suze},
 title = {Comicboarding: Using Comics As Proxies for Participatory Design with Children},
booktitle = {Proceedings of the ACM Conference on Human Factors in Computing Systems (CHI)},
 year = {2007},
 isbn = {978-1-59593-593-9},
 pages = {1371--1374},
 numpages = {4},
 note = {\url{http://doi.org/10.1145/1240624.1240832}},
 acmid = {1240832},
 keywords = {children, comic books, methodology, participatory design},
} 

@inproceedings{Wang2018,
	title={{InfoNice}: Easy creation of information graphics},
    author={Yun Wang and Haidong Zhang and He Huang and Xi Chen and Qiufeng Yin and Zhitao Hou and Dongmei Zhang and Qiong Luo and Huamin Qu},
    year={2018},
    booktitle={Proceedings of the ACM Conference on Human Factors in Computing Systems (CHI)},
}

@inproceedings{ren2018beliv,
    title={Reflecting on the evaluation of visualization authoring systems},
    author={Ren, Donghao and Lee, Bongshin and Brehmer, Matthew and Riche, Nathalie Henry},
    booktitle={Workshop Proceedings of Evaluation and Beyond - Methodological Approaches for Visualization (BELIV)},
    year={2018},
    note={\url{https://aka.ms/renbeliv18}}
}

@article{Bigelow2017Hanpuku, 
    author={Alex Bigelow and Steven Drucker and Danyel Fisher and Miriah Meyer}, 
    journal={IEEE Transactions on Visualization and Computer Graphics (Proceedings of InfoVis)},
    title={Iterating between tools to create and edit visualizations}, 
    year={2017}, 
    volume={23}, 
    number={1}, 
    pages={481-490}, 
    doi={10.1109/TVCG.2016.2598609}, 
    ISSN={1077-2626}
}

@incollection{bach2018napa,
    title = {Narrative design patterns for data-driven storytelling},
    author = {Benjamin Bach and Moritz Stefaner and Jeremy Boy and Steven Drucker and Lyn Bartram and Jo Wood and Paolo Ciuccarelli and Yuri Engelhardt and Ulrike K\"{o}ppen and Barbara Tversky},
    editor = {Henry Riche, Nathalie and Christophe Hurter and Nicholas Diakopoulos and Sheelagh Carpendale},
    booktitle = {{Data-Driven Storytelling}},
    publisher = {A K Peters/CRC Press},
    year = {2018},
    note = {\url{https://aka.ms/dds_book}}
}

@incollection{amini2018,
    title = {Evaluating data-driven stories \& storytelling tools},
    author = {Fereshteh Amini and Matthew Brehmer and Gordon Bolduan and Christina Elmer and Benjamin Wiederkehr},
    editor = {Henry Riche, Nathalie and Christophe Hurter and Nicholas Diakopoulos and Sheelagh Carpendale},
    booktitle = {{Data-Driven Storytelling}},
    publisher = {A K Peters/CRC Press},
    year = {2018},
    note = {\url{https://aka.ms/dds_book}}
}

@inproceedings{conlen2018,
    title = {Idyll: A markup language for authoring and publishing interactive articles on the web},
    author = {Matt Conlen AND Jeffrey Heer},
    booktitle = {To appear in the Proceedings of the ACM Symposium on User Interface Software \& Technology (UIST)},
    year = {2018},
}

@misc{PowerBI,
    author={Microsoft},
    title={Use bookmarks to share insights and build stories in Power BI},
    howpublished={\url{https://docs.microsoft.com/en-us/power-bi/desktop-bookmarks}},
    year = {2018},
    note = {[Online; accessed 13-09-2018]}
}